@article{pcgml::paper,
	author    = {Adam Summerville and
	Sam Snodgrass and
	Matthew Guzdial and
	Christoffer Holmg{\aa}rd and
	Amy K. Hoover and
	Aaron Isaksen and
	Andy Nealen and
	Julian Togelius},
	title     = {Procedural Content Generation via Machine Learning {(PCGML)}},
	journal   = {CoRR},
	volume    = {abs/1702.00539},
	year      = {2017},
	url       = {http://arxiv.org/abs/1702.00539},
	archivePrefix = {arXiv},
	eprint    = {1702.00539},
	timestamp = {Wed, 07 Jun 2017 14:40:53 +0200},
	biburl    = {https://dblp.org/rec/bib/journals/corr/SummervilleSGHH17},
	bibsource = {dblp computer science bibliography, https://dblp.org},
	urldate = {12.03.2018},
}

@inproceedings{pcg::whatIsPCG,
	author = {Togelius, Julian and Kastbjerg, Emil and Schedl, David and Yannakakis, Georgios N.},
	title = {What is Procedural Content Generation?: Mario on the Borderline},
	booktitle = {Proceedings of the 2Nd International Workshop on Procedural Content Generation in Games},
	series = {PCGames '11},
	year = {2011},
	isbn = {978-1-4503-0872-4},
	location = {Bordeaux, France},
	pages = {3:1--3:6},
	articleno = {3},
	numpages = {6},
	url = {http://doi.acm.org/10.1145/2000919.2000922},
	doi = {10.1145/2000919.2000922},
	acmid = {2000922},
	publisher = {ACM},
	address = {New York, NY, USA},
} 

@book{pcg::book,
	author={Noor Shaker and Julian Togelius and Mark J. Nelson},
	title={Procedural Content Generation in Games: A Textbook and an Overview of Current Research},
	publisher={Springer},
	year={2016}
}

@incollection{ai::aiBasedGameDesignPattern,
	booktitle = {Proceedings of the 10th International Conference on the Foundations of Digital Games 2015 (FDG 2015)},
	month = {December},
	title = {AI-based game design patterns},
	author = {Mike Treanor and Alexander Zook and Mirjam P Eladhari and Julian Togelius and Gillian Smith and Michael Cook and Tommy Thompson and Brian Magerko and John Levine and Adam Smith},
	address = {Santa Cruz, CA},
	publisher = {Society for the Advancement of Digital Games},
	year = {2015},
	url = {https://strathprints.strath.ac.uk/57219/},
	urldate = {12.03.2018},
}

@book{ai::book,
	title={{Artificial Intelligence and Games}},
	author={Georgios N. Yannakakis and Julian Togelius},
	publisher={Springer},
	note={\url{http://gameaibook.org}},
	year={2018}
}

@book{gameDesign::bookOfLenses,
	author = {Jesse Schell},
	title = {The Art of Game Design: A Book of Lenses},
	year = {2008},
	isbn = {0-12-369496-5},
	publisher = {Morgan Kaufmann Publishers Inc.},
	address = {San Francisco, CA, USA},
}

@book{gameDesign::gameMechanicsAdvancedGameDesign,
	author = {Adams, Ernest and Dormans, Joris},
	title = {Game Mechanics: Advanced Game Design},
	year = {2012},
	isbn = {0321820274, 9780321820273},
	edition = {1st},
	publisher = {New Riders Publishing},
	address = {Thousand Oaks, CA, USA},
} 

@online{mechanic::gamasutra::MikeStout,
	author = {Mike Stout},
	title = {Trinity, Part 3: Game Mechanics},
	publisher = {Gamasutra},
	medium = {Online},
	month = {June},
	year = {2015},
	url = {https://www.gamasutra.com/blogs/MikeStout/20150622/246683/Trinity_Part_3_Game_Mechanics.php},
	urldate = {12.03.2018},
}

@online{mechanic::gamasutra::MaxPears,
	author = {Max Pears},
	title = {Game Design: Introducing Mechanics},
	publisher = {Gamasutra},
	medium = {Online},
	month = {March},
	year = {2018},
	url = {https://www.gamasutra.com/blogs/MaxPears/20180307/315172/Game_Design_Introducing_Mechanics.php},
	urldate = {12.03.2018},
}

@online{mechanic::gamasutra::DanielDoan,
	author = {Daniel Doan},
	title = {GameDev Protips: How To Design More Meaningful And Engaging Game Mechanics},
	publisher = {Gamasutra},
	medium = {Online},
	month = {March},
	year = {2017},
	url = {https://www.gamasutra.com/blogs/DanielDoan/20170322/294224/GameDev_Protips_How_To_Design_More_Meaningful_And_Engaging_Game_Mechanics.php},
	urldate = {12.03.2018},
}


@article{mechanic::MDA,
	author = {Hunicke, Robin and Leblanc, Marc and Zubek, Robert},
	year = {2004},
	month = {01},
	pages = {},
	title = {{MDA: A Formal Approach to Game Design and Game Research}},
	volume = {1},
	booktitle = {AAAI Workshop - Technical Report},
	url = {http://www.cs.northwestern.edu/~hunicke/pubs/MDA.pdf},
	urldate = {12.03.2018},
}

@book{mechanic::BasicGrammarModel,
	author = {Koster, Raph},
	title = {Theory of Fun for Game Design},
	year = {2013},
	isbn = {1449363210, 9781449363215},
	edition = {2nd},
	publisher = {O'Reilly Media, Inc.},
} 

